@article{caneill_southern_2024,
author = {\textbf{R. Caneill} and Roquet, F. and Nycander, J.},
title = {The Southern Ocean deep mixing band emerges from a competition between winter buoyancy loss and upper stratification strength},
journal = {Ocean Science},
volume = {20},
year = {2024},
number = {2},
pages = {601--619},
url = {https://os.copernicus.org/articles/20/601/2024/},
doi = {10.5194/os-20-601-2024}
}

@article{roquet_unique_2022,
	title = {Unique thermal expansion properties of water key to the formation of sea ice on {Earth}},
	volume = {8},
	issn = {2375-2548},
	url = {https://www.science.org/doi/10.1126/sciadv.abq0793},
	doi = {10.1126/sciadv.abq0793},
	language = {en},
	number = {46},
	urldate = {2022-11-30},
	journal = {Science Advances},
	author = {Roquet, Fabien and Ferreira, David and \textbf{R. Caneill} and Schlesinger, Daniel and Madec, Gurvan},
	month = nov,
	year = {2022},
}

@article{caneill_polar_2022,
	title = {The {Polar} {Transition} from {Alpha} to {Beta} {Regions} {Set} by a {Surface} {Buoyancy} {Flux} {Inversion}},
	volume = {52},
	issn = {0022-3670, 1520-0485},
	url = {https://journals.ametsoc.org/view/journals/phoc/52/8/JPO-D-21-0295.1.xml},
	doi = {10.1175/JPO-D-21-0295.1},
	language = {en},
	number = {8},
	urldate = {2022-09-05},
	journal = {Journal of Physical Oceanography},
	author = {\textbf{R. Caneill} and Roquet, Fabien and Madec, Gurvan and Nycander, Jonas},
	month = aug,
	year = {2022},
	pages = {1887--1902},
}


@article{picard_observation_2019,
	title = {Observation of the process of snow accumulation on the {Antarctic} {Plateau} by time lapse laser scanning},
	volume = {13},
	url = {https://tc.copernicus.org/articles/13/1983/2019/},
	doi = {10.5194/tc-13-1983-2019},
	number = {7},
	journal = {The Cryosphere},
	author = {Picard, G. and Arnaud, L. and \textbf{R. Caneill} and Lefebvre, E. and Lamare, M.},
	year = {2019},
	pages = {1983--1999},
}
